@misc{CVE,
  title = {CVE Homepage},
  url = {https://www.cve.org/},
  note = {Last accessed 17 May 2024}
}

@misc{Microsoft_Threat_Modeling_Tool,
  title = {Microsoft Threat Modeling Tool},
  url = {https://acortar.link/tvesdb},
  note = {Last accessed 17 May 2024}
}

@misc{IONOS_CMS,
  title = {IONOS CMS en comparativa},
  url = {https://acortar.link/VkuQLQ},
  note = {Last accessed 4 Abr 2024}
}

@book{Brown_1998,
  author = {Brown, W. J.},
  title = {AntiPatterns: Refactoring Software, Architectures, and Projects in Crisis},
  publisher = {Wiley},
  year = {1998},
  address = {New York}
}

@book{Corry_2021,
  author = {Corry, A.},
  title = {Retrospectives Antipatterns},
  publisher = {Addison-Wesley},
  year = {2021}
}

@misc{CYBOK,
  title = {CYBOK},
  url = {https://www.cybok.org/},
  note = {Last accessed 4 Abr 2024}
}

@misc{SWEBoK,
  title = {SWEBoK},
  url = {https://acortar.link/HnMV97},
  note = {Last accessed 4 Abr 2024}
}

@phdthesis{Nafees_2019,
  author = {Nafees, T.},
  title = {Addressing the Knowledge Transfer Problem in Secure Software Development Through Anti-Patterns},
  school = {Abertay University},
  year = {2019},
  address = {Dundee, Escocia, UK}
}

@misc{Patchstack,
    title = {Patchstack},
    url = {https://patchstack.com/articles/common-plugin-vulnerabilities-how-to-fix-them/}
}

@misc{Patchstack,
    title = {Patchstack},
    url = {https://patchstack.com/articles/common-plugin-vulnerabilities-how-to-fix-them/}
}

@phdthesis{bacpattern,
  author = {Martin Lason, Roman Szturc},
  title = {Design Patterns for Role Based Access Control},
  year = {2006}
}